
    <zs:record>
      <zs:recordSchema/>
      <zs:recordPacking>xml</zs:recordPacking>
      <zs:recordData>
        <record xmlns="http://www.loc.gov/MARC21/slim">
          <leader>01623cam a22003251  4500</leader>
          <controlfield tag="001">6360805</controlfield>
          <controlfield tag="005">20130503131235.0</controlfield>
          <controlfield tag="008">760114s1913    xx a          000 0 eng  </controlfield>
          <datafield tag="906" ind1=" " ind2=" ">
            <subfield code="a">7</subfield>
            <subfield code="b">cbc</subfield>
            <subfield code="c">oclcrpl</subfield>
            <subfield code="d">u</subfield>
            <subfield code="e">ncip</subfield>
            <subfield code="f">19</subfield>
            <subfield code="g">y-gencatlg</subfield>
          </datafield>
          <datafield tag="010" ind1=" " ind2=" ">
            <subfield code="a">   13010675 </subfield>
          </datafield>
          <datafield tag="035" ind1=" " ind2=" ">
            <subfield code="9">(DLC)   13010675</subfield>
          </datafield>
          <datafield tag="035" ind1=" " ind2=" ">
            <subfield code="a">(OCoLC)1926628</subfield>
          </datafield>
          <datafield tag="040" ind1=" " ind2=" ">
            <subfield code="a">DLC</subfield>
            <subfield code="c">MNS</subfield>
            <subfield code="d">MNS</subfield>
            <subfield code="d">FTaSU</subfield>
            <subfield code="d">DLC</subfield>
          </datafield>
          <datafield tag="050" ind1="0" ind2="0">
            <subfield code="a">CT3220</subfield>
            <subfield code="b">.W4</subfield>
          </datafield>
          <datafield tag="100" ind1="2" ind2=" ">
            <subfield code="a">Kemp-Welch, Alice.</subfield>
          </datafield>
          <datafield tag="245" ind1="1" ind2="0">
            <subfield code="a">Of six mediaeval women;</subfield>
            <subfield code="b">to which is added A note on mediaeval gardens,</subfield>
            <subfield code="c">by Alice Kemp-Welch.</subfield>
          </datafield>
          <datafield tag="260" ind1=" " ind2=" ">
            <subfield code="a">London,</subfield>
            <subfield code="b">MacMillan,</subfield>
            <subfield code="c">1913.</subfield>
          </datafield>
          <datafield tag="300" ind1=" " ind2=" ">
            <subfield code="a">xxix, 188 p.</subfield>
            <subfield code="b">plates.</subfield>
            <subfield code="c">22 cm.</subfield>
          </datafield>
          <datafield tag="500" ind1=" " ind2=" ">
            <subfield code="a">Partly reprinted from the review, Nineteenth century and after.  cf. Author's note.</subfield>
          </datafield>
          <datafield tag="505" ind1="0" ind2=" ">
            <subfield code="a">Introduction.--A tenth-century dramatist, Roswitha the nun.--A twelfth-century romance-writer, Marie de France.--A thirteenth-century mystic and beguine, Mechthild of Magdeburg.--A fourteenth-century art-patron and philanthropist, Mahaut, Countess of Artois.--A fifteenth-century feministe, Christine de Pisan.--Agnes Sorel.--A note on mediaeval gardens.</subfield>
          </datafield>
          <datafield tag="600" ind1="0" ind2="0">
            <subfield code="a">Hrotsvitha,</subfield>
            <subfield code="d">approximately 935-approximately 975.</subfield>
          </datafield>
          <datafield tag="600" ind1="0" ind2="0">
            <subfield code="a">Marie,</subfield>
            <subfield code="c">de France,</subfield>
            <subfield code="d">active 12th century.</subfield>
          </datafield>
          <datafield tag="600" ind1="0" ind2="0">
            <subfield code="a">Mechthild,</subfield>
            <subfield code="c">of Magdeburg,</subfield>
            <subfield code="d">approximately 1212-approximately 1282.</subfield>
          </datafield>
          <datafield tag="600" ind1="0" ind2="0">
            <subfield code="a">Mahaut,</subfield>
            <subfield code="c">d'Artois,</subfield>
            <subfield code="d">1302-1329.</subfield>
          </datafield>
          <datafield tag="600" ind1="0" ind2="0">
            <subfield code="a">Christine,</subfield>
            <subfield code="c">de Pisan,</subfield>
            <subfield code="d">approximately 1364-approximately 1431.</subfield>
          </datafield>
          <datafield tag="600" ind1="1" ind2="0">
            <subfield code="a">Sorel, Agnès,</subfield>
            <subfield code="d">approximately 1422-1450.</subfield>
          </datafield>
          <datafield tag="650" ind1=" " ind2="0">
            <subfield code="a">Gardens.</subfield>
          </datafield>
          <datafield tag="650" ind1=" " ind2="0">
            <subfield code="a">Women</subfield>
            <subfield code="x">History</subfield>
            <subfield code="y">Middle Ages, 500-1500.</subfield>
          </datafield>
          <datafield tag="985" ind1=" " ind2=" ">
            <subfield code="e">OCLC REPLACEMENT</subfield>
          </datafield>
          <datafield tag="991" ind1=" " ind2=" ">
            <subfield code="b">c-GenColl</subfield>
            <subfield code="h">CT3220</subfield>
            <subfield code="i">.W4</subfield>
            <subfield code="p">0002555050A</subfield>
            <subfield code="t">Copy 1</subfield>
            <subfield code="w">OCLCREP</subfield>
          </datafield>
        </record>
      </zs:recordData>
      <zs:recordPosition>5</zs:recordPosition>
    </zs:record>