
    <zs:record>
      <zs:recordSchema/>
      <zs:recordPacking>xml</zs:recordPacking>
      <zs:recordData>
        <record xmlns="http://www.loc.gov/MARC21/slim">
          <leader>01732cam a22003131  4500</leader>
          <controlfield tag="001">1697498</controlfield>
          <controlfield tag="005">20230112124414.0</controlfield>
          <controlfield tag="008">731212s1966    nyuh          000 0 eng  </controlfield>
          <datafield tag="906" ind1=" " ind2=" ">
            <subfield code="a">7</subfield>
            <subfield code="b">cbc</subfield>
            <subfield code="c">orignew</subfield>
            <subfield code="d">u</subfield>
            <subfield code="e">ocip</subfield>
            <subfield code="f">19</subfield>
            <subfield code="g">y-gencatlg</subfield>
          </datafield>
          <datafield tag="955" ind1=" " ind2=" ">
            <subfield code="u">ma02 2023-01-12 telework</subfield>
          </datafield>
          <datafield tag="035" ind1=" " ind2=" ">
            <subfield code="9">(DLC)   66023319</subfield>
          </datafield>
          <datafield tag="010" ind1=" " ind2=" ">
            <subfield code="a">   66023319 </subfield>
          </datafield>
          <datafield tag="040" ind1=" " ind2=" ">
            <subfield code="a">DLC</subfield>
            <subfield code="c">DLC</subfield>
            <subfield code="d">DLC</subfield>
          </datafield>
          <datafield tag="041" ind1="1" ind2=" ">
            <subfield code="a">eng</subfield>
            <subfield code="h">frm</subfield>
          </datafield>
          <datafield tag="050" ind1="0" ind2="0">
            <subfield code="a">PQ1534.T4</subfield>
            <subfield code="b">E5 1966</subfield>
          </datafield>
          <datafield tag="082" ind1="0" ind2="0">
            <subfield code="a">841/.1</subfield>
          </datafield>
          <datafield tag="100" ind1="1" ind2=" ">
            <subfield code="a">Kemp-Welch, Alice,</subfield>
            <subfield code="e">editor,</subfield>
            <subfield code="e">translator.</subfield>
          </datafield>
          <datafield tag="245" ind1="1" ind2="0">
            <subfield code="a">Of the tumbler of Our Lady &amp; other miracles,</subfield>
            <subfield code="c">now translated from the Middle French. Introd. and notes by Alice Kemp-Welch.</subfield>
          </datafield>
          <datafield tag="260" ind1=" " ind2=" ">
            <subfield code="a">New York,</subfield>
            <subfield code="b">Cooper Square Publishers,</subfield>
            <subfield code="c">1966.</subfield>
          </datafield>
          <datafield tag="300" ind1=" " ind2=" ">
            <subfield code="a">xix, 137 p.</subfield>
            <subfield code="b">7 facsims.</subfield>
            <subfield code="c">17 cm.</subfield>
          </datafield>
          <datafield tag="490" ind1="0" ind2=" ">
            <subfield code="a">The Medieval library</subfield>
          </datafield>
          <datafield tag="500" ind1=" " ind2=" ">
            <subfield code="a">"The miracles here done into English are for the most part from the collection made in the thirteenth century by Gautier de Coinci, a monk of St. Médard, near Soissons."</subfield>
          </datafield>
          <datafield tag="505" ind1="0" ind2=" ">
            <subfield code="a">Of the tumbler of Our Lady.--Of a knight to whom Our Lady appeared whilst he prayed.--Of the Knight whose place at the tournament was taken by Our Lady.--Of the clerk and the ring.--Of the monk and the five roses.--Of the holy shift of Chartres.--Of the drowning man delivered.--Of a Jew who took in pledge the image of Our Lady.--Our Lady of Roc-Amadour.</subfield>
          </datafield>
          <datafield tag="650" ind1=" " ind2="0">
            <subfield code="a">French literature</subfield>
            <subfield code="y">To 1500</subfield>
            <subfield code="x">Translations into English.</subfield>
          </datafield>
          <datafield tag="600" ind1="0" ind2="0">
            <subfield code="a">Mary,</subfield>
            <subfield code="c">Blessed Virgin, Saint</subfield>
            <subfield code="x">Apparitions and miracles</subfield>
            <subfield code="x">Literary collections.</subfield>
          </datafield>
          <datafield tag="650" ind1=" " ind2="0">
            <subfield code="a">Miracles</subfield>
            <subfield code="x">History of doctrines</subfield>
            <subfield code="y">Middle Ages, 600-1500</subfield>
            <subfield code="x">Literary collections.</subfield>
          </datafield>
          <datafield tag="700" ind1="0" ind2=" ">
            <subfield code="a">Gautier,</subfield>
            <subfield code="c">de Coinci,</subfield>
            <subfield code="d">1177?-1236.</subfield>
          </datafield>
          <datafield tag="730" ind1="0" ind2=" ">
            <subfield code="a">Tombeor Nostre Dame.</subfield>
            <subfield code="l">English.</subfield>
          </datafield>
          <datafield tag="991" ind1=" " ind2=" ">
            <subfield code="b">c-GenColl</subfield>
            <subfield code="h">PQ1534.T4</subfield>
            <subfield code="i">E5 1966</subfield>
            <subfield code="p">00033844712</subfield>
            <subfield code="t">Copy 1</subfield>
            <subfield code="w">BOOKS</subfield>
          </datafield>
        </record>
      </zs:recordData>
      <zs:recordPosition>6</zs:recordPosition>
    </zs:record>